<?xml version="1.0" encoding="utf-8"?>
<record xmlns="http://www.loc.gov/MARC21/slim" xmlns:xsi="http://www.w3.org/2001/XMLSchema-instance" xsi:schemaLocation="http://www.loc.gov/MARC21/slim http://www.loc.gov/standards/marcxml/schema/MARC21slim.xsd">
	<leader>     nam a22     Mi 4500</leader>
	<controlfield tag="001">b12516892</controlfield>
	<controlfield tag="003">LeBAU</controlfield>
	<controlfield tag="006">m        d        </controlfield>
	<controlfield tag="007">cr cn |||m|||a</controlfield>
	<controlfield tag="008">210702s1932    ua      o     ||0 d ara d</controlfield>
	<datafield ind1=" " ind2=" " tag="040">
		<subfield code="a">ZYU</subfield>
		<subfield code="b">ara</subfield>
		<subfield code="e">rda</subfield>
		<subfield code="c">ZYU</subfield>
	</datafield>
	<datafield ind1="1" ind2=" " tag="041">
		<subfield code="a">ara</subfield>
		<subfield code="h">eng</subfield>
	</datafield>
	<datafield ind1="0" ind2="4" tag="082">
		<subfield code="a">822.33</subfield>
		<subfield code="2">23</subfield>
	</datafield>
	<datafield ind1="1" ind2=" " tag="100">
		<subfield code="6">880-01</subfield>
		<subfield code="a">Shakespeare, William,</subfield>
		<subfield code="d">1564-1616.</subfield>
		<subfield code="e">author.</subfield>
		<subfield code="0">http://id.loc.gov/authorities/names/n78095332 ,</subfield>
	</datafield>
	<datafield ind1="1" ind2="0" tag="240">
		<subfield code="a">Hamlet.</subfield>
		<subfield code="l">Arabic</subfield>
	</datafield>
	<datafield ind1="1" ind2="0" tag="245">
		<subfield code="6">880-02</subfield>
		<subfield code="a">Riwāyat Hāmlit /</subfield>
		<subfield code="c">li-Shikisbīr ; tarjamat Sāmī al-Juraydīnī.</subfield>
	</datafield>
	<datafield ind1="3" ind2="0" tag="246">
		<subfield code="6">880-03</subfield>
		<subfield code="a">Hāmlit</subfield>
	</datafield>
	<datafield ind1=" " ind2=" " tag="250">
		<subfield code="6">880-04</subfield>
		<subfield code="a">al-Ṭabʻah al-thāniyah.</subfield>
	</datafield>
	<datafield ind1=" " ind2="1" tag="264">
		<subfield code="6">880-05</subfield>
		<subfield code="a">Miṣr :</subfield>
		<subfield code="b">al-Maṭbaʻah al-Raḥmānīyah,</subfield>
		<subfield code="c">1932.</subfield>
	</datafield>
	<datafield ind1=" " ind2=" " tag="300">
		<subfield code="6">880-06</subfield>
		<subfield code="a">online resource (128 pages)</subfield>
	</datafield>
	<datafield ind1=" " ind2=" " tag="336">
		<subfield code="a">text</subfield>
		<subfield code="2">rdacontent</subfield>
	</datafield>
	<datafield ind1=" " ind2=" " tag="337">
		<subfield code="a">computer</subfield>
		<subfield code="2">rdamedia</subfield>
	</datafield>
	<datafield ind1=" " ind2=" " tag="338">
		<subfield code="a">online resource</subfield>
		<subfield code="2">rdacarrier</subfield>
	</datafield>
	<datafield ind1=" " ind2=" " tag="500">
		<subfield code="a">Part of the Arabic Collections Online (ACO) project, contributed by American University of Beirut's Jafet Memorial Library.</subfield>
	</datafield>
	<datafield ind1=" " ind2=" " tag="533">
		<subfield code="a">Electronic reproduction.</subfield>
		<subfield code="b">New York, N.Y. :</subfield>
		<subfield code="c">New York University,</subfield>
		<subfield code="d">2021.</subfield>
		<subfield code="5">NNU</subfield>
	</datafield>
	<datafield ind1=" " ind2=" " tag="588">
		<subfield code="a">تاريخ النشر أخذ من المقدمة.</subfield>
	</datafield>
	<datafield ind1="1" ind2="4" tag="600">
		<subfield code="a">شكسبير، وليم،</subfield>
		<subfield code="d">1564-1616</subfield>
		<subfield code="v">ترجمات الى العربية.</subfield>
	</datafield>
	<datafield ind1="1" ind2="0" tag="600">
		<subfield code="a">Shakespeare, William,</subfield>
		<subfield code="d">1564-1616</subfield>
		<subfield code="v">Translations into Arabic.</subfield>
	</datafield>
	<datafield ind1=" " ind2="4" tag="650">
		<subfield code="a">هملت (شخصية اسطورية)</subfield>
		<subfield code="v">مسرحية.</subfield>
	</datafield>
	<datafield ind1=" " ind2="0" tag="650">
		<subfield code="a">Hamlet (Legendary character)</subfield>
		<subfield code="v">Drama.</subfield>
	</datafield>
	<datafield ind1=" " ind2="4" tag="655">
		<subfield code="a">مسرحيات.</subfield>
	</datafield>
	<datafield ind1=" " ind2="0" tag="655">
		<subfield code="a">Drama.</subfield>
	</datafield>
	<datafield ind1="1" ind2=" " tag="700">
		<subfield code="6">880-07</subfield>
		<subfield code="a">Juraydīnī, Sāmī.</subfield>
		<subfield code="e">translator.</subfield>
		<subfield code="0">http://id.loc.gov/authorities/names/nr93008176 ,</subfield>
	</datafield>
	<datafield ind1="2" ind2=" " tag="710">
		<subfield code="a">Jafet Memorial Library.</subfield>
	</datafield>
	<datafield ind1="0" ind2=" " tag="730">
		<subfield code="a">Arabic Collections Online.</subfield>
	</datafield>
	<datafield ind1="0" ind2="8" tag="765">
		<subfield code="6">880-08</subfield>
		<subfield code="i">is translation of</subfield>
		<subfield code="4">http://rdaregistry.info/Elements/e/P20141 :</subfield>
		<subfield code="a">Shakespeare, William, 1564-1616.</subfield>
		<subfield code="t">Hamlet</subfield>
		<subfield code="d">Oxford : Clarendon Press, 1987</subfield>
		<subfield code="w">(OCoLC)13358994</subfield>
		<subfield code="w">(OCoLC)13358994</subfield>
	</datafield>
	<datafield ind1="0" ind2="8" tag="776">
		<subfield code="i">Print version:</subfield>
		<subfield code="a">Shakespeare, William, 1564-1616. author. http://id.loc.gov/authorities/names/n78095332 ,</subfield>
		<subfield code="t">Riwāyat Hāmlit</subfield>
		<subfield code="w">(LeBAU)b12516892</subfield>
	</datafield>
	<datafield ind1="4" ind2="0" tag="856">
		<subfield code="u">http://hdl.handle.net/2333.1/4j0zppr0</subfield>
	</datafield>
	<datafield ind1="1" ind2=" " tag="880">
		<subfield code="6">100-01</subfield>
		<subfield code="a">شكسبير، وليم،</subfield>
		<subfield code="d">1564-1616،</subfield>
		<subfield code="0">http://id.loc.gov/authorities/names/n78095332 ,</subfield>
		<subfield code="e">مؤلف.</subfield>
		<subfield code="4">aut.</subfield>
	</datafield>
	<datafield ind1="1" ind2="0" tag="880">
		<subfield code="6">245-02</subfield>
		<subfield code="a">رواية هاملت /</subfield>
		<subfield code="c">لشكسبير ؛ ترجمة سامي الجريديني.</subfield>
	</datafield>
	<datafield ind1="3" ind2="0" tag="880">
		<subfield code="6">246-03</subfield>
		<subfield code="a">هاملت</subfield>
	</datafield>
	<datafield ind1=" " ind2=" " tag="880">
		<subfield code="6">250-04</subfield>
		<subfield code="a">الطبعة الثانية.</subfield>
	</datafield>
	<datafield ind1=" " ind2="1" tag="880">
		<subfield code="6">264-05</subfield>
		<subfield code="a">مصر :</subfield>
		<subfield code="b">المطبعة الرحمانية،</subfield>
		<subfield code="c">1932.</subfield>
	</datafield>
	<datafield ind1=" " ind2=" " tag="880">
		<subfield code="6">300-06</subfield>
		<subfield code="a">128 صفحة ؛</subfield>
		<subfield code="c">23 سم</subfield>
	</datafield>
	<datafield ind1="1" ind2=" " tag="880">
		<subfield code="6">700-07</subfield>
		<subfield code="a">الجريديني، سامي،</subfield>
		<subfield code="0">http://id.loc.gov/authorities/names/nr93008176 ,</subfield>
		<subfield code="e">مترجم.</subfield>
		<subfield code="4">trl.</subfield>
	</datafield>
	<datafield ind1="0" ind2="8" tag="880">
		<subfield code="6">765-08</subfield>
		<subfield code="i">ترجمة</subfield>
		<subfield code="4">http://rdaregistry.info/Elements/e/P20141 :</subfield>
		<subfield code="a">Shakespeare, William, 1564-1616.</subfield>
		<subfield code="t">Hamlet</subfield>
		<subfield code="d">Oxford : Clarendon Press, 1987</subfield>
		<subfield code="w">(LEAUB)b13306492</subfield>
		<subfield code="w">(OCoLC)13358994</subfield>
	</datafield>
	<datafield ind1=" " ind2=" " tag="959">
		<subfield code="a">NNU</subfield>
		<subfield code="b">WEB</subfield>
		<subfield code="c">GENI</subfield>
		<subfield code="t">0</subfield>
		<subfield code="m">Electronic access</subfield>
		<subfield code="s">01</subfield>
	</datafield>
	<datafield ind1=" " ind2=" " tag="999">
		<subfield code="i">LeBAU_b12516892</subfield>
		<subfield code="s">aub_aco004499</subfield>
		<subfield code="e">(ERROR-880)(ERROR-MISC)</subfield>
		<subfield code="s">aub_aco004499</subfield>
	</datafield>
</record>
